

@article{liu2021deep,
  author  = {Liu, Rongrong and Nageotte, Florent and Zanne, Philippe and de Mathelin, Michel and Dresp-Langley, Birgitta},
  title   = {Deep Reinforcement Learning for the Control of Robotic Manipulation: A Focussed Mini-Review},
  journal = {Robotics},
  year    = {2021},
  volume  = {10},
  pages   = {22},
  url     = {https://doi.org/10.3390/robotics10010022},
  doi     = {10.3390/robotics10010022}
}

@article{iriondo2023learning,
  title   = {Learning positioning policies for mobile manipulation operations with deep reinforcement learning},
  author  = {Iriondo, Ander and Lazkano, Elena and Ansuategi, Ander and Rivera, Andoni and Lluvia, Iker and Tubío, Carlos},
  journal = {International Journal of Machine Learning and Cybernetics},
  year    = {2023},
  volume  = {14},
  number  = {9},
  pages   = {3003-3023},
  month   = {09},
  doi     = {10.1007/s13042-023-01815-8},
  url     = {https://doi.org/10.1007/s13042-023-01815-8}
}

@article{thakar2023survey,
  author  = {Thakar, Shantanu and Srinivasan, Srivatsan and Al-Hussaini, Sarah and Bhatt, Prahar M. and Rajendran, Pradeep and Jung Yoon, Yeo and Dhanaraj, Neel and Malhan, Rishi K. and Schmid, Matthias and Krovi, Venkat N. and Gupta, Satyandra K.},
  title   = {{A Survey of Wheeled Mobile Manipulation: A Decision-Making Perspective}},
  journal = {Journal of Mechanisms and Robotics},
  volume  = {15},
  number  = {2},
  pages   = {020801},
  year    = {2022},
  month   = {07},
  issn    = {1942-4302},
  doi     = {10.1115/1.4054611},
  url     = {https://doi.org/10.1115/1.4054611}
}

@inproceedings{mittal2022articulated,
  author    = {Mittal, Mayank and Hoeller, David and Farshidian, Farbod and Hutter, Marco and Garg, Animesh},
  booktitle = {2022 IEEE/RSJ International Conference on Intelligent Robots and Systems (IROS)},
  title     = {Articulated Object Interaction in Unknown Scenes with Whole-Body Mobile Manipulation},
  year      = {2022},
  volume    = {},
  number    = {},
  pages     = {1647-1654},
  doi       = {10.1109/IROS47612.2022.9981779},
  issn      = {2153-0866},
  url       = {https://www.pair.toronto.edu/articulated-mm/}
}

@inproceedings{fu2022deeplegged,
  author        = {Fu, Zipeng and Cheng, Xuxin and Pathak, Deepak},
  title         = {Deep Whole-Body Control: Learning a Unified Policy for Manipulation and Locomotion},
  booktitle     = {Conference on Robot Learning ({CoRL})},
  year          = {2022},
  eprint        = {2210.10044},
  archiveprefix = {arXiv},
  url           = {https://manipulation-locomotion.github.io/},
  doi           = {https://doi.org/10.48550/arXiv.2210.10044}
}

@inproceedings{wang2022multitask,
  author    = {Wang, Cong and Zhang, Qifeng and Wang, Xiaohui and Xu, Shida and Petillot, Yvan and Wang, Sen},
  booktitle = {2022 7th Asia-Pacific Conference on Intelligent Robot Systems (ACIRS)},
  title     = {Multi-Task Reinforcement Learning based Mobile Manipulation Control for Dynamic Object Tracking and Grasping},
  year      = {2022},
  month     = {07},
  volume    = {},
  number    = {},
  pages     = {34-40},
  doi       = {10.1109/ACIRS55390.2022.9845515}
}


@inproceedings{sun2022relmm,
  title     = {Fully Autonomous Real-World Reinforcement Learning with Applications to Mobile Manipulation},
  author    = {Sun, Charles and Orbik, J\c{e}drzej and Devin, Coline Manon and Yang, Brian H. and Gupta, Abhishek and Berseth, Glen and Levine, Sergey},
  booktitle = {Proceedings of the 5th Conference on Robot Learning},
  pages     = {308--319},
  year      = {2022},
  editor    = {Faust, Aleksandra and Hsu, David and Neumann, Gerhard},
  volume    = {164},
  series    = {Proceedings of Machine Learning Research},
  month     = {11},
  publisher = {PMLR},
  pdf       = {https://proceedings.mlr.press/v164/sun22a/sun22a.pdf},
  url       = {https://proceedings.mlr.press/v164/sun22a.html}
}


@inproceedings{yan2023drlnavigation,
  author    = {Yan, Kejian and Gao, Jianqi and Li, Yanjie},
  booktitle = {2023 42nd Chinese Control Conference (CCC)},
  title     = {Deep Reinforcement Learning Based Mobile Robot Navigation Using Sensor Fusion},
  year      = {2023},
  volume    = {},
  number    = {},
  pages     = {4125-4130},
  doi       = {10.23919/CCC58697.2023.10240555}
}

@article{sayour2022unknowngrasping,
  author  = {Sayour, Malak H. and Kozhaya, Sharbel E. and Saab, Samer S.},
  title   = {Autonomous Robotic Manipulation: Real-Time, Deep-Learning Approach for Grasping of Unknown Objects},
  journal = {Journal of Robotics},
  year    = {2022},
  volume  = {2022},
  month   = {06},
  day     = {30},
  issn    = {1687-9600},
  doi     = {10.1155/2022/2585656},
  url     = {https://doi.org/10.1155/2022/2585656}
}

@article{ji2021manufacturing,
  author  = {Ji, Sanghoon and Lee, Sukhan and Yoo, Sujeong and Suh, Ilhong and Kwon, Inso and Park, Frank C. and Lee, Sanghyoung and Kim, Hongseok},
  journal = {Proceedings of the IEEE},
  title   = {Learning-Based Automation of Robotic Assembly for Smart Manufacturing},
  year    = {2021},
  volume  = {109},
  number  = {4},
  pages   = {423-440},
  doi     = {10.1109/JPROC.2021.3063154}
}

@article{loianno2021construction,
  author  = {Štibinger, Petr and Broughton, George and Majer, Filip and Rozsypálek, Zdeněk and Wang, Anthony and Jindal, Kshitij and Zhou, Alex and Thakur, Dinesh and Loianno, Giuseppe and Krajník, Tomáš and Saska, Martin},
  journal = {IEEE Robotics and Automation Letters},
  title   = {Mobile Manipulator for Autonomous Localization, Grasping and Precise Placement of Construction Material in a Semi-Structured Environment},
  year    = {2021},
  month   = {04},
  volume  = {6},
  number  = {2},
  pages   = {2595-2602},
  doi     = {10.1109/LRA.2021.3061377}
}
